<record><leader>00000cas a2200000 a 4500</leader><controlfield tag="001">11242684</controlfield><controlfield tag="008">841009d19161919ksudr ne      0   a0eng d</controlfield><datafield ind1=" " ind2=" " tag="010"><subfield code="a">sn 84029861 </subfield></datafield><datafield ind1=" " ind2=" " tag="040"><subfield code="a">KSH</subfield><subfield code="b">eng</subfield><subfield code="c">KSH</subfield><subfield code="d">NPT</subfield><subfield code="d">OCL</subfield><subfield code="d">OCLCQ</subfield></datafield><datafield ind1=" " ind2=" " tag="042"><subfield code="a">msc</subfield></datafield><datafield ind1="0" ind2="0" tag="245"><subfield code="a">Dodge City daily journal.</subfield></datafield><datafield ind1=" " ind2=" " tag="260"><subfield code="a">Dodge City, Kan. :</subfield><subfield code="b">Busenbark Bros.,</subfield><subfield code="c">1916-1919.</subfield></datafield><datafield ind1=" " ind2=" " tag="300"><subfield code="a">4 v. :</subfield><subfield code="b">ill. ;</subfield><subfield code="c">52-60 cm.</subfield></datafield><datafield ind1=" " ind2=" " tag="310"><subfield code="a">Daily (except Monday)</subfield></datafield><datafield ind1="0" ind2=" " tag="362"><subfield code="a">Vol. 1, no. 1 (Oct. 17, 1916)-v. 1, no. 143 (Apr. 4, 1917) ; vol. 37, no. 144 (Apr. 5, 1917)-v. 39, no. 69 (Jan. 12, 1919).</subfield></datafield><datafield ind1=" " ind2=" " tag="500"><subfield code="a">Published by: Kershner and Kelso, &lt;Feb. 4, 1917&gt;-Apr. 10, 1918; Journal Pub. Co., Apr. 11, 1918-Jan. 5, 1919; Harvey Eckert, Jan. 7-12, 1919.</subfield></datafield><datafield ind1=" " ind2=" " tag="580"><subfield code="a">Issued also in weekly edition called: Dodge City Kansas journal, Oct. 17, 1916-Mar. 29, 1917.</subfield></datafield><datafield ind1=" " ind2=" " tag="752"><subfield code="a">United States</subfield><subfield code="b">Kansas</subfield><subfield code="c">Ford</subfield><subfield code="d">Dodge City.</subfield></datafield><datafield ind1="1" ind2=" " tag="775"><subfield code="t">Dodge City Kansas journal</subfield><subfield code="g">Oct. 17, 1916-Mar. 29, 1917</subfield><subfield code="w">(DLC)sn 84029857</subfield></datafield><datafield ind1="0" ind2="5" tag="780"><subfield code="t">Dodge City Kansas journal</subfield><subfield code="g">Apr. 5, 1917</subfield><subfield code="w">(DLC)sn 84029857</subfield></datafield><datafield ind1="0" ind2="0" tag="785"><subfield code="t">Dodge City journal</subfield><subfield code="w">(DLC)sn 84029812</subfield></datafield></record>